<record><leader>00000cas a2200000 a 4500</leader><controlfield tag="001">10764256</controlfield><controlfield tag="008">840523d18361839ctuwr ne      0    0eng c</controlfield><datafield ind1=" " ind2=" " tag="010"><subfield code="a">sn 84023070 </subfield></datafield><datafield ind1=" " ind2=" " tag="040"><subfield code="a">AQM</subfield><subfield code="b">eng</subfield><subfield code="c">AQM</subfield><subfield code="d">NPX</subfield><subfield code="d">DLC</subfield><subfield code="d">YOX</subfield><subfield code="d">CNW</subfield><subfield code="d">FUG</subfield><subfield code="d">CNW</subfield><subfield code="d">OCL</subfield><subfield code="d">NYS</subfield><subfield code="d">DLC</subfield><subfield code="d">KRTAS</subfield><subfield code="d">CUI</subfield><subfield code="d">OCLCQ</subfield><subfield code="d">OCLCF</subfield></datafield><datafield ind1="1" ind2=" " tag="029"><subfield code="a">AU@</subfield><subfield code="b">000020129285</subfield></datafield><datafield ind1=" " ind2=" " tag="042"><subfield code="a">pcc</subfield></datafield><datafield ind1=" " ind2=" " tag="043"><subfield code="a">n-us-ct</subfield></datafield><datafield ind1="0" ind2="0" tag="050"><subfield code="a">Newspaper 7236</subfield></datafield><datafield ind1=" " ind2="4" tag="050"><subfield code="a">AN</subfield></datafield><datafield ind1="0" ind2="0" tag="245"><subfield code="a">Review and telegraph.</subfield></datafield><datafield ind1="1" ind2=" " tag="246"><subfield code="i">Published &lt;Jan.&gt;-Sept. 1839 as:</subfield><subfield code="a">New-England review</subfield></datafield><datafield ind1="3" ind2=" " tag="246"><subfield code="a">New England review &amp; telegraph</subfield></datafield><datafield ind1="3" ind2=" " tag="246"><subfield code="a">New England review and Hartford telegraph</subfield></datafield><datafield ind1=" " ind2=" " tag="260"><subfield code="a">Hartford [Conn.] :</subfield><subfield code="b">Lord &amp; Ford,</subfield><subfield code="c">1836-1839.</subfield></datafield><datafield ind1=" " ind2=" " tag="300"><subfield code="a">5 v. :</subfield><subfield code="b">ill. ;</subfield><subfield code="c">62 cm.</subfield></datafield><datafield ind1=" " ind2=" " tag="310"><subfield code="a">Weekly</subfield></datafield><datafield ind1="0" ind2=" " tag="362"><subfield code="a">Vol. 8, no. 415 (Feb. 20, 1836)-v. 12, no. 38 (Sept. 21, 1839).</subfield></datafield><datafield ind1=" " ind2=" " tag="500"><subfield code="a">Democratic.</subfield></datafield><datafield ind1=" " ind2=" " tag="500"><subfield code="a">Published in conjuction with: The Northern telegraph, a paper about to be established in Hartford.</subfield></datafield><datafield ind1=" " ind2=" " tag="500"><subfield code="a">"Principles; not men."</subfield></datafield><datafield ind1=" " ind2=" " tag="515"><subfield code="a">Issues for &lt;Apr. 21, 1838-Sept. 21, 1839 also called: Whole no. 527-602.</subfield></datafield><datafield ind1=" " ind2=" " tag="530"><subfield code="a">Available on microfilm from Library of Congress Photoduplication Service.</subfield></datafield><datafield ind1=" " ind2=" " tag="580"><subfield code="a">Daily eds.: New-England daily review, 1836-1838, and: Daily review (Hartford, Conn. : 1838), Dec. 1838-1839.</subfield></datafield><datafield ind1=" " ind2="0" tag="651"><subfield code="a">Hartford (Conn.)</subfield><subfield code="v">Newspapers.</subfield></datafield><datafield ind1=" " ind2="0" tag="651"><subfield code="a">Hartford County (Conn.)</subfield><subfield code="v">Newspapers.</subfield></datafield><datafield ind1=" " ind2="7" tag="655"><subfield code="a">Newspapers.</subfield><subfield code="2">fast</subfield><subfield code="0">(OCoLC)fst01423814</subfield></datafield><datafield ind1=" " ind2="7" tag="651"><subfield code="a">Connecticut</subfield><subfield code="z">Hartford.</subfield><subfield code="2">fast</subfield><subfield code="0">(OCoLC)fst01207441</subfield></datafield><datafield ind1=" " ind2="7" tag="651"><subfield code="a">Connecticut</subfield><subfield code="z">Hartford County.</subfield><subfield code="2">fast</subfield><subfield code="0">(OCoLC)fst01211874</subfield></datafield><datafield ind1=" " ind2=" " tag="752"><subfield code="a">United States</subfield><subfield code="b">Connecticut</subfield><subfield code="c">Hartford</subfield><subfield code="d">Hartford.</subfield></datafield><datafield ind1="1" ind2=" " tag="775"><subfield code="t">New-England daily review</subfield><subfield code="w">(DLC)sn 92051307</subfield><subfield code="w">(OCoLC)26206214</subfield></datafield><datafield ind1="1" ind2=" " tag="775"><subfield code="t">Daily review (Hartford, Conn.)</subfield><subfield code="w">(DLC)sn 84023071</subfield><subfield code="w">(OCoLC)10758366</subfield></datafield><datafield ind1="0" ind2="8" tag="776"><subfield code="i">Online version:</subfield><subfield code="t">Review and telegraph (Online)</subfield><subfield code="w">(OCoLC)663511805</subfield></datafield><datafield ind1="0" ind2="0" tag="780"><subfield code="t">New England review (Hartford, Conn.)</subfield><subfield code="w">(DLC)sn 84023072</subfield><subfield code="w">(OCoLC)10762000</subfield></datafield><datafield ind1="0" ind2="0" tag="785"><subfield code="t">New England weekly review (Hartford, Conn. : 1839)</subfield><subfield code="w">(DLC)sn 84023073</subfield><subfield code="w">(OCoLC)10762214</subfield></datafield><datafield ind1="1" ind2=" " tag="787"><subfield code="t">Northern telegraph</subfield></datafield><datafield ind1=" " ind2=" " tag="938"><subfield code="a">Kirtas Technologies, Inc.</subfield><subfield code="b">KRTS</subfield><subfield code="n">738459</subfield></datafield></record>